@article{Muliere200059,
title = "Urn schemes and reinforced random walks ",
journal = "Stochastic Processes and their Applications ",
volume = "88",
number = "1",
pages = "59 - 78",
year = "2000",
note = "",
issn = "0304-4149",
doi = "http://dx.doi.org/10.1016/S0304-4149(99)00119-2",
url = "http://www.sciencedirect.com/science/article/pii/S0304414999001192",
author = "P. Muliere and P. Secchi and S.G. Walker",
keywords = "Urn schemes",
keywords = "Reinforced random walks",
keywords = "Partial exchangeability",
keywords = "Mixture of Markov chains",
keywords = "Bayesian nonparametrics "
}


@article{shen2014modeling,
  title={Modeling and predicting popularity dynamics via reinforced poisson processes},
  author={Shen, Hua-Wei and Wang, Dashun and Song, Chaoming and Barab{\'a}si, Albert-L{\'a}szl{\'o}},
  journal={arXiv preprint arXiv:1401.0778},
  year={2014}
}

@inproceedings{zhao2015seismic,
  title={SEISMIC: A Self-Exciting Point Process Model for Predicting Tweet Popularity},
  author={Zhao, Qingyuan and Erdogdu, Murat A and He, Hera Y and Rajaraman, Anand and Leskovec, Jure},
  booktitle={Proceedings of the 21th ACM SIGKDD International Conference on Knowledge Discovery and Data Mining},
  pages={1513--1522},
  year={2015},
  organization={ACM}
}